
    <zs:record>
      <zs:recordSchema/>
      <zs:recordPacking>xml</zs:recordPacking>
      <zs:recordData>
        <record xmlns="http://www.loc.gov/MARC21/slim">
          <leader>01673cam a22003971  4500</leader>
          <controlfield tag="001">9237934</controlfield>
          <controlfield tag="005">20130514085411.0</controlfield>
          <controlfield tag="008">870720s1936    nyua          000 1 eng  </controlfield>
          <datafield tag="906" ind1=" " ind2=" ">
            <subfield code="a">7</subfield>
            <subfield code="b">cbc</subfield>
            <subfield code="c">oclcrpl</subfield>
            <subfield code="d">u</subfield>
            <subfield code="e">ncip</subfield>
            <subfield code="f">19</subfield>
            <subfield code="g">y-gencatlg</subfield>
          </datafield>
          <datafield tag="010" ind1=" " ind2=" ">
            <subfield code="a">   36023270 </subfield>
          </datafield>
          <datafield tag="035" ind1=" " ind2=" ">
            <subfield code="9">(DLC)   36023270</subfield>
          </datafield>
          <datafield tag="035" ind1=" " ind2=" ">
            <subfield code="a">(OCoLC)16240884</subfield>
          </datafield>
          <datafield tag="040" ind1=" " ind2=" ">
            <subfield code="a">DLC</subfield>
            <subfield code="c">LLafS</subfield>
            <subfield code="d">ViBlbV</subfield>
            <subfield code="d">OCoLC</subfield>
            <subfield code="d">DLC</subfield>
          </datafield>
          <datafield tag="042" ind1=" " ind2=" ">
            <subfield code="a">premarc</subfield>
          </datafield>
          <datafield tag="050" ind1="0" ind2="0">
            <subfield code="a">PZ3.F844</subfield>
            <subfield code="b">Si</subfield>
          </datafield>
          <datafield tag="100" ind1="1" ind2=" ">
            <subfield code="a">France, Anatole,</subfield>
            <subfield code="d">1844-1924.</subfield>
          </datafield>
          <datafield tag="245" ind1="1" ind2="4">
            <subfield code="a">The six greatest novels of Anatole France ...</subfield>
            <subfield code="c">decorations by Frank C. Papé, John Austen, Donia Nachshen.</subfield>
          </datafield>
          <datafield tag="260" ind1=" " ind2=" ">
            <subfield code="a">New York,</subfield>
            <subfield code="b">The Literary guild</subfield>
            <subfield code="c">[1936?]</subfield>
          </datafield>
          <datafield tag="300" ind1=" " ind2=" ">
            <subfield code="a">4 p. l., 3-966 p.</subfield>
            <subfield code="b">incl. front., illus.</subfield>
            <subfield code="c">21 cm.</subfield>
          </datafield>
          <datafield tag="500" ind1=" " ind2=" ">
            <subfield code="a">"Fleur-de-lis edition."</subfield>
          </datafield>
          <datafield tag="500" ind1=" " ind2=" ">
            <subfield code="a">"First edition."</subfield>
          </datafield>
          <datafield tag="505" ind1="0" ind2=" ">
            <subfield code="a">Penguin island, translated by A. W. Evans.--The crime of Sylvestre Bonnard, translated by Lafcadio Hearn.--The revolt of the angels, translated by Mrs. Wilfrid Jackson.--The gods are athirst, translated by Alfred Allinson.--Thaïs, translated by Robert B. Douglas.--The red lily, translated by Winifred Stephens.</subfield>
          </datafield>
          <datafield tag="700" ind1="1" ind2=" ">
            <subfield code="a">Evans, A. W.</subfield>
            <subfield code="q">(Arthur William)</subfield>
          </datafield>
          <datafield tag="700" ind1="1" ind2=" ">
            <subfield code="a">Allinson, A. R.</subfield>
            <subfield code="q">(Alfred Richard)</subfield>
          </datafield>
          <datafield tag="700" ind1="1" ind2=" ">
            <subfield code="a">Douglas, Robert B.</subfield>
            <subfield code="q">(Robert Bruce),</subfield>
            <subfield code="d">1848-</subfield>
          </datafield>
          <datafield tag="700" ind1="1" ind2=" ">
            <subfield code="a">Hearn, Lafcadio,</subfield>
            <subfield code="d">1850-1904.</subfield>
          </datafield>
          <datafield tag="700" ind1="1" ind2=" ">
            <subfield code="a">Whale, Winifred Stephens.</subfield>
          </datafield>
          <datafield tag="700" ind1="1" ind2=" ">
            <subfield code="a">Jackson, Emilie.</subfield>
          </datafield>
          <datafield tag="740" ind1="0" ind2=" ">
            <subfield code="a">Penguin island.</subfield>
          </datafield>
          <datafield tag="740" ind1="4" ind2=" ">
            <subfield code="a">The crime of Sylvestre Bonnard.</subfield>
          </datafield>
          <datafield tag="740" ind1="4" ind2=" ">
            <subfield code="a">The revolt of the angels.</subfield>
          </datafield>
          <datafield tag="740" ind1="4" ind2=" ">
            <subfield code="a">The gods are athirst.</subfield>
          </datafield>
          <datafield tag="740" ind1="0" ind2=" ">
            <subfield code="a">Thaïs.</subfield>
          </datafield>
          <datafield tag="740" ind1="4" ind2=" ">
            <subfield code="a">The red lily.</subfield>
          </datafield>
          <datafield tag="985" ind1=" " ind2=" ">
            <subfield code="e">OCLC REPLACEMENT cdsdistr</subfield>
          </datafield>
          <datafield tag="991" ind1=" " ind2=" ">
            <subfield code="b">c-GenColl</subfield>
            <subfield code="h">PZ3.F844</subfield>
            <subfield code="i">Si</subfield>
            <subfield code="p">00014772364</subfield>
            <subfield code="t">Copy 1</subfield>
            <subfield code="w">OCLCREP</subfield>
          </datafield>
        </record>
      </zs:recordData>
      <zs:recordPosition>105</zs:recordPosition>
    </zs:record>