
    <zs:record>
      <zs:recordSchema/>
      <zs:recordPacking>xml</zs:recordPacking>
      <zs:recordData>
        <record xmlns="http://www.loc.gov/MARC21/slim">
          <leader>03102cam a22004811  4500</leader>
          <controlfield tag="001">1232531</controlfield>
          <controlfield tag="005">20230511103026.0</controlfield>
          <controlfield tag="008">710321t19241918nyuac         000 0 eng  </controlfield>
          <datafield tag="906" ind1=" " ind2=" ">
            <subfield code="a">7</subfield>
            <subfield code="b">cbc</subfield>
            <subfield code="c">orignew</subfield>
            <subfield code="d">u</subfield>
            <subfield code="e">ocip</subfield>
            <subfield code="f">19</subfield>
            <subfield code="g">y-gencatlg</subfield>
          </datafield>
          <datafield tag="035" ind1=" " ind2=" ">
            <subfield code="9">(DLC)   68042004</subfield>
          </datafield>
          <datafield tag="010" ind1=" " ind2=" ">
            <subfield code="a">   68042004 </subfield>
          </datafield>
          <datafield tag="040" ind1=" " ind2=" ">
            <subfield code="a">DLC</subfield>
            <subfield code="c">DLC</subfield>
            <subfield code="d">DLC</subfield>
          </datafield>
          <datafield tag="050" ind1="0" ind2="0">
            <subfield code="a">PQ2254</subfield>
            <subfield code="b">.A2 1924</subfield>
          </datafield>
          <datafield tag="051" ind1=" " ind2=" ">
            <subfield code="a">Aramont Library no. 175</subfield>
            <subfield code="b">Copy 1</subfield>
            <subfield code="c">Three-quarter red morocco with plain cloth sides. Gilt rule. Raised spine band with fleur de lis floral ornamentation in compartments. Author, volume title, and edition name in gilt. Plain endpapers. Top edge gilt. Partially unopened, untrimmed.</subfield>
          </datafield>
          <datafield tag="100" ind1="1" ind2=" ">
            <subfield code="a">France, Anatole,</subfield>
            <subfield code="d">1844-1924.</subfield>
          </datafield>
          <datafield tag="240" ind1="1" ind2="0">
            <subfield code="a">Works.</subfield>
            <subfield code="l">English.</subfield>
            <subfield code="f">1924</subfield>
          </datafield>
          <datafield tag="245" ind1="0" ind2="4">
            <subfield code="a">The works of Anatole France.</subfield>
          </datafield>
          <datafield tag="250" ind1=" " ind2=" ">
            <subfield code="a">Autograph ed.</subfield>
          </datafield>
          <datafield tag="260" ind1=" " ind2=" ">
            <subfield code="a">New York,</subfield>
            <subfield code="b">G. Wells,</subfield>
            <subfield code="c">1924 [c1918-24]</subfield>
          </datafield>
          <datafield tag="300" ind1=" " ind2=" ">
            <subfield code="a">30 v.</subfield>
            <subfield code="b">illus., port.</subfield>
            <subfield code="c">23 cm</subfield>
          </datafield>
          <datafield tag="300" ind1=" " ind2=" ">
            <subfield code="a">30 v.,</subfield>
            <subfield code="c">6 x 9 inches (8vo).</subfield>
          </datafield>
          <datafield tag="505" ind1="0" ind2=" ">
            <subfield code="a">1. The crime of Sylvestre Bonnard.--2. Thaïs. Crainquebille, and other stories.--3. At the sign of the Reine Pédauque.--4. The opinions of Jerome Coignard. The garden of Epicurus.--5. The red lily.--6. A mummer's tale. The elm-tree on the mall.--7. The wicker-work woman.--8. The amethyst ring.--9. Monsieur Bergeret in Paris.--10. The aspirations of Jean Servien. Balthasar.--11. The bride of Corinth, and other poems &amp; plays.--12. Mother of pearl.--13. The well of Saint Clare.--14. The white stone. The seven wives of Bluebeard.--15. Penguin Island.--16. The revolt of the angels.--17. The merrie tales of Jacques Tournebroche. Jocasta &amp; the famished cat.--18. The gods are athirst.--19. Clio.--20. The Latin genius.--21-22. The life of Joan of Arc.--23. Little Pierre.--24. The bloom of life.--25. My friend's book.--26. Pierre Nozière.--27-30. On life &amp; letters.</subfield>
          </datafield>
          <datafield tag="510" ind1="4" ind2=" ">
            <subfield code="a">Rare and beautiful books from the Bonel Library,</subfield>
            <subfield code="c">330</subfield>
          </datafield>
          <datafield tag="561" ind1=" " ind2=" ">
            <subfield code="a">LC Copy: No. 761 of 1075 sets, signed by the author.</subfield>
            <subfield code="5">DLC</subfield>
          </datafield>
          <datafield tag="600" ind1="1" ind2="0">
            <subfield code="a">France, Anatole,</subfield>
            <subfield code="d">1844-1924</subfield>
            <subfield code="x">Translations into English.</subfield>
          </datafield>
          <datafield tag="700" ind1="1" ind2=" ">
            <subfield code="a">Drillien, Bérengère,</subfield>
            <subfield code="e">translator.</subfield>
          </datafield>
          <datafield tag="700" ind1="1" ind2=" ">
            <subfield code="a">Jackson, Emilie,</subfield>
            <subfield code="e">translator.</subfield>
          </datafield>
          <datafield tag="700" ind1="1" ind2=" ">
            <subfield code="a">Locke, William John,</subfield>
            <subfield code="d">1863-1930,</subfield>
            <subfield code="e">contributor.</subfield>
          </datafield>
          <datafield tag="700" ind1="1" ind2=" ">
            <subfield code="a">May, J. Lewis (James Lewis),</subfield>
            <subfield code="d">1873-1961,</subfield>
            <subfield code="e">translator.</subfield>
          </datafield>
          <datafield tag="700" ind1="1" ind2=" ">
            <subfield code="a">Whale, Winifred Stephens,</subfield>
            <subfield code="d">1870-1944,</subfield>
            <subfield code="e">translator.</subfield>
          </datafield>
          <datafield tag="700" ind1="1" ind2=" ">
            <subfield code="a">Hearn, Lafcadio,</subfield>
            <subfield code="d">1850-1904,</subfield>
            <subfield code="e">translator.</subfield>
          </datafield>
          <datafield tag="700" ind1="1" ind2=" ">
            <subfield code="a">Allinson, A. R. (Alfred Richard),</subfield>
            <subfield code="e">translator.</subfield>
          </datafield>
          <datafield tag="700" ind1="1" ind2=" ">
            <subfield code="a">Farley, Agnes,</subfield>
            <subfield code="e">translator.</subfield>
          </datafield>
          <datafield tag="700" ind1="1" ind2=" ">
            <subfield code="a">Lane, Mrs. John,</subfield>
            <subfield code="e">translator.</subfield>
          </datafield>
          <datafield tag="700" ind1="1" ind2=" ">
            <subfield code="a">Chapman, Frederic,</subfield>
            <subfield code="e">translator.</subfield>
          </datafield>
          <datafield tag="700" ind1="1" ind2=" ">
            <subfield code="a">Roche, Charles E. (Charles Emile),</subfield>
            <subfield code="e">translator.</subfield>
          </datafield>
          <datafield tag="700" ind1="1" ind2=" ">
            <subfield code="a">Willcocks, M. P. (Mary Patricia),</subfield>
            <subfield code="d">1869-1952,</subfield>
            <subfield code="e">translator.</subfield>
          </datafield>
          <datafield tag="700" ind1="1" ind2=" ">
            <subfield code="a">Evans, A. W. (Arthur William),</subfield>
            <subfield code="e">translator.</subfield>
          </datafield>
          <datafield tag="700" ind1="1" ind2=" ">
            <subfield code="a">Stewart, D. B. (Translator),</subfield>
            <subfield code="e">translator.</subfield>
          </datafield>
          <datafield tag="700" ind1="1" ind2=" ">
            <subfield code="a">Miall, Bernard,</subfield>
            <subfield code="d">1876-1953,</subfield>
            <subfield code="e">translator.</subfield>
          </datafield>
          <datafield tag="710" ind1="2" ind2=" ">
            <subfield code="a">Aramont Library Collection (Library of Congress)</subfield>
            <subfield code="5">DLC</subfield>
          </datafield>
          <datafield tag="700" ind1="1" ind2=" ">
            <subfield code="a">Douglas, Robert B. (Robert Bruce),</subfield>
            <subfield code="d">1848-,</subfield>
            <subfield code="e">translator.</subfield>
          </datafield>
          <datafield tag="991" ind1=" " ind2=" ">
            <subfield code="b">c-GenColl</subfield>
            <subfield code="h">PQ2254</subfield>
            <subfield code="i">.A2 1924</subfield>
            <subfield code="p">00005160352</subfield>
            <subfield code="t">Copy 1</subfield>
            <subfield code="v">4</subfield>
            <subfield code="w">BOOKS</subfield>
          </datafield>
        </record>
      </zs:recordData>
      <zs:recordPosition>107</zs:recordPosition>
    </zs:record>