
    <zs:record>
      <zs:recordSchema/>
      <zs:recordPacking>xml</zs:recordPacking>
      <zs:recordData>
        <record xmlns="http://www.loc.gov/MARC21/slim">
          <leader>02160cem a22004451  4500</leader>
          <controlfield tag="001">12136379</controlfield>
          <controlfield tag="005">20061206155829.0</controlfield>
          <controlfield tag="007">aj|aanzn</controlfield>
          <controlfield tag="007">cr||||</controlfield>
          <controlfield tag="008">000809s1864    xxu       a  f  0   eng  </controlfield>
          <datafield tag="035" ind1=" " ind2=" ">
            <subfield code="a">(DLC)   99447347</subfield>
          </datafield>
          <datafield tag="906" ind1=" " ind2=" ">
            <subfield code="a">7</subfield>
            <subfield code="b">cbc</subfield>
            <subfield code="c">orignew</subfield>
            <subfield code="d">u</subfield>
            <subfield code="e">ncip</subfield>
            <subfield code="f">19</subfield>
            <subfield code="g">n-geogmaps</subfield>
          </datafield>
          <datafield tag="010" ind1=" " ind2=" ">
            <subfield code="a">   99447347 </subfield>
          </datafield>
          <datafield tag="040" ind1=" " ind2=" ">
            <subfield code="a">DLC</subfield>
            <subfield code="c">DLC</subfield>
            <subfield code="d">DLC</subfield>
          </datafield>
          <datafield tag="050" ind1="0" ind2="0">
            <subfield code="a">G3922.W32 1864</subfield>
            <subfield code="b">.U5</subfield>
            <subfield code="u">CW 211.5</subfield>
          </datafield>
          <datafield tag="052" ind1=" " ind2=" ">
            <subfield code="a">3922</subfield>
            <subfield code="b">W32</subfield>
          </datafield>
          <datafield tag="110" ind1="2" ind2=" ">
            <subfield code="a">United States Coast Survey.</subfield>
          </datafield>
          <datafield tag="245" ind1="1" ind2="0">
            <subfield code="a">Preliminary chart of Wassaw Sound, Wilmington and Tybee Rivers, Georgia</subfield>
            <subfield code="c">From a trigonometrical survey under the direction of A. D. Bache, Superintendent of the survey of the coast of the United States. Triangulation by C. O. Boutelle, C. P. Bolles, A. W. Longfellow and Lieut. A. W. Evans, U.S.A. Assists. Topography by W. H. Dennis and C. Fendall, Sub-Assists. Hydrography by the parties under the direction of C. O. Boutelle, W. S. Edwards, Assists. and C. Fendall, Sub-Assist.</subfield>
          </datafield>
          <datafield tag="260" ind1=" " ind2=" ">
            <subfield code="a">[Washington,</subfield>
            <subfield code="b">U.S. Coast Survey],</subfield>
            <subfield code="c">1864.</subfield>
          </datafield>
          <datafield tag="300" ind1=" " ind2=" ">
            <subfield code="a">1 map,</subfield>
            <subfield code="c">52 x 83 cm.</subfield>
          </datafield>
          <datafield tag="507" ind1=" " ind2=" ">
            <subfield code="a">Scale 1:40,000.</subfield>
          </datafield>
          <datafield tag="510" ind1="4" ind2=" ">
            <subfield code="a">LC Civil War Maps (2nd ed.),</subfield>
            <subfield code="c">211.5</subfield>
          </datafield>
          <datafield tag="500" ind1=" " ind2=" ">
            <subfield code="a">From its Report of the Superintendent of the Coast Survey, showing the progess of the survey during the year 1864 (Washington, Government Printing Office, 1866). Map 27.</subfield>
          </datafield>
          <datafield tag="500" ind1=" " ind2=" ">
            <subfield code="a">"No. 27" is in the upper left corner.</subfield>
          </datafield>
          <datafield tag="500" ind1=" " ind2=" ">
            <subfield code="a">Description derived from published bibliography.</subfield>
          </datafield>
          <datafield tag="530" ind1=" " ind2=" ">
            <subfield code="a">Available also through the Library of Congress web site as raster image.</subfield>
          </datafield>
          <datafield tag="651" ind1=" " ind2="0">
            <subfield code="a">Wassaw Sound (Ga.)</subfield>
            <subfield code="v">Maps.</subfield>
          </datafield>
          <datafield tag="700" ind1="1" ind2=" ">
            <subfield code="a">Boutelle, C. O.</subfield>
            <subfield code="q">(Charles Otis)</subfield>
          </datafield>
          <datafield tag="700" ind1="1" ind2=" ">
            <subfield code="a">Bolles, C. P.</subfield>
          </datafield>
          <datafield tag="700" ind1="1" ind2=" ">
            <subfield code="a">Longfellow, A. W.</subfield>
            <subfield code="q">(Alexander Wadsworth),</subfield>
            <subfield code="d">1814-1901.</subfield>
          </datafield>
          <datafield tag="700" ind1="1" ind2=" ">
            <subfield code="a">Evans, A. W.,</subfield>
            <subfield code="c">Lieutenant</subfield>
          </datafield>
          <datafield tag="700" ind1="1" ind2=" ">
            <subfield code="a">Dennis, W. H.</subfield>
          </datafield>
          <datafield tag="700" ind1="1" ind2=" ">
            <subfield code="a">Fendall, C.</subfield>
          </datafield>
          <datafield tag="700" ind1="1" ind2=" ">
            <subfield code="a">Edwards, W. S.</subfield>
          </datafield>
          <datafield tag="752" ind1=" " ind2=" ">
            <subfield code="a">United States</subfield>
            <subfield code="b">Georgia</subfield>
            <subfield code="c">Wassaw Sound.</subfield>
          </datafield>
          <datafield tag="852" ind1="0" ind2=" ">
            <subfield code="a">Library of Congress</subfield>
            <subfield code="b">Geography and Map Division</subfield>
            <subfield code="e">Washington, D.C. 20540-4650</subfield>
            <subfield code="n">dcu</subfield>
          </datafield>
          <datafield tag="856" ind1="4" ind2="1">
            <subfield code="d">g3922w</subfield>
            <subfield code="f">cw0211500</subfield>
            <subfield code="u">http://hdl.loc.gov/loc.gmd/g3922w.cw0211500</subfield>
            <subfield code="q">c</subfield>
          </datafield>
          <datafield tag="985" ind1=" " ind2=" ">
            <subfield code="a">GMD/CWMAP</subfield>
            <subfield code="e">ammem</subfield>
          </datafield>
          <datafield tag="985" ind1=" " ind2=" ">
            <subfield code="a">GMD/MILMAP</subfield>
            <subfield code="e">ammem</subfield>
            <subfield code="h">20001014</subfield>
          </datafield>
          <datafield tag="991" ind1=" " ind2=" ">
            <subfield code="b">c-G&amp;M</subfield>
            <subfield code="o">em</subfield>
          </datafield>
        </record>
      </zs:recordData>
      <zs:recordPosition>123</zs:recordPosition>
    </zs:record>