
    <zs:record>
      <zs:recordSchema/>
      <zs:recordPacking>xml</zs:recordPacking>
      <zs:recordData>
        <record xmlns="http://www.loc.gov/MARC21/slim">
          <leader>02372cem a22004571  4500</leader>
          <controlfield tag="001">12022475</controlfield>
          <controlfield tag="005">20021214204223.0</controlfield>
          <controlfield tag="007">aj|aanzn</controlfield>
          <controlfield tag="007">cr||||</controlfield>
          <controlfield tag="008">000526s1862    dcu       a  f  0   eng  </controlfield>
          <datafield tag="035" ind1=" " ind2=" ">
            <subfield code="a">(DLC)   99447282</subfield>
          </datafield>
          <datafield tag="906" ind1=" " ind2=" ">
            <subfield code="a">7</subfield>
            <subfield code="b">cbc</subfield>
            <subfield code="c">orignew</subfield>
            <subfield code="d">u</subfield>
            <subfield code="e">ncip</subfield>
            <subfield code="f">19</subfield>
            <subfield code="g">y-geogmaps</subfield>
          </datafield>
          <datafield tag="010" ind1=" " ind2=" ">
            <subfield code="a">   99447282 </subfield>
          </datafield>
          <datafield tag="050" ind1="0" ind2="0">
            <subfield code="a">G3922.S18 1862</subfield>
            <subfield code="b">.U5</subfield>
            <subfield code="u">CW 120.5</subfield>
          </datafield>
          <datafield tag="052" ind1=" " ind2=" ">
            <subfield code="a">3922</subfield>
            <subfield code="b">S18</subfield>
          </datafield>
          <datafield tag="052" ind1=" " ind2=" ">
            <subfield code="a">3934</subfield>
            <subfield code="b">F29</subfield>
          </datafield>
          <datafield tag="040" ind1=" " ind2=" ">
            <subfield code="a">DLC</subfield>
            <subfield code="c">DLC</subfield>
            <subfield code="d">DLC</subfield>
          </datafield>
          <datafield tag="110" ind1="1" ind2=" ">
            <subfield code="a">United States Coast Survey.</subfield>
          </datafield>
          <datafield tag="245" ind1="1" ind2="0">
            <subfield code="a">St. Mary's River and Fernandina harbor, Florida</subfield>
            <subfield code="c">From a trigonometrical survey under the direction of A. D. Bache, Superintendent of the survey of the coast of the United States.  Triangulation by Capt. J. H. Simpson and Lieutenant A. W. Evans, U.S.A. Assistants.  Topography by A. M. Harrison, Assistant. Hydrography by the party under the command of Lieut. S. D. Trenchard, U.S.N. Assist. 1857.  Resurvey of bar by C. O. Boutelle, Asst. in 1862.  Redd. drng. by P. Witzel. Engd. by A. Maedel and R. F. Bartle. Bowen &amp; Co. lith., Philada.</subfield>
          </datafield>
          <datafield tag="260" ind1=" " ind2=" ">
            <subfield code="a">[Washington,</subfield>
            <subfield code="b">U.S. Coast Survey,</subfield>
            <subfield code="c">1862]</subfield>
          </datafield>
          <datafield tag="300" ind1=" " ind2=" ">
            <subfield code="a">1 map,</subfield>
            <subfield code="c">63 x 81 cm.</subfield>
          </datafield>
          <datafield tag="507" ind1=" " ind2=" ">
            <subfield code="a">Scale 1:20,000.</subfield>
          </datafield>
          <datafield tag="510" ind1="4" ind2=" ">
            <subfield code="a">LC Civil War Maps (2nd ed.),</subfield>
            <subfield code="c">120.5</subfield>
          </datafield>
          <datafield tag="500" ind1=" " ind2=" ">
            <subfield code="a">From its Report of the Superintendent of the Coast Survey, showing progress of the survey during the year 1862 (Washington, Government Printing Office, 1864). Map 31.</subfield>
          </datafield>
          <datafield tag="500" ind1=" " ind2=" ">
            <subfield code="a">"No. 31" in the upper left corner.</subfield>
          </datafield>
          <datafield tag="500" ind1=" " ind2=" ">
            <subfield code="a">Description derived from published bibliography.</subfield>
          </datafield>
          <datafield tag="530" ind1=" " ind2=" ">
            <subfield code="a">Available also through the Library of Congress web site as raster image.</subfield>
          </datafield>
          <datafield tag="650" ind1=" " ind2="0">
            <subfield code="a">Nautical charts</subfield>
            <subfield code="z">Saint Marys River (Ga. and Fla.)</subfield>
          </datafield>
          <datafield tag="651" ind1=" " ind2="0">
            <subfield code="a">Saint Marys River (Ga. and Fla.)</subfield>
            <subfield code="v">Maps.</subfield>
          </datafield>
          <datafield tag="650" ind1=" " ind2="0">
            <subfield code="a">Harbors</subfield>
            <subfield code="z">Florida</subfield>
            <subfield code="z">Fernandina</subfield>
            <subfield code="v">Maps.</subfield>
          </datafield>
          <datafield tag="700" ind1="1" ind2=" ">
            <subfield code="a">Bache, A. D.</subfield>
            <subfield code="q">(Alexander Dallas),</subfield>
            <subfield code="d">1806-1867.</subfield>
          </datafield>
          <datafield tag="700" ind1="1" ind2=" ">
            <subfield code="a">Simpson, J. H.</subfield>
            <subfield code="q">(James Hervey),</subfield>
            <subfield code="d">1813-1883.</subfield>
          </datafield>
          <datafield tag="700" ind1="1" ind2=" ">
            <subfield code="a">Evans, A. W.,</subfield>
            <subfield code="c">Lieutenant.</subfield>
          </datafield>
          <datafield tag="752" ind1=" " ind2=" ">
            <subfield code="a">United States</subfield>
            <subfield code="b">Georgia</subfield>
            <subfield code="c">Saint Marys River.</subfield>
          </datafield>
          <datafield tag="752" ind1=" " ind2=" ">
            <subfield code="a">United States</subfield>
            <subfield code="b">Florida</subfield>
            <subfield code="c">Saint Marys River.</subfield>
          </datafield>
          <datafield tag="752" ind1=" " ind2=" ">
            <subfield code="a">United States</subfield>
            <subfield code="b">Florida</subfield>
            <subfield code="d">Fernandina.</subfield>
          </datafield>
          <datafield tag="852" ind1="0" ind2=" ">
            <subfield code="a">Library of Congress</subfield>
            <subfield code="b">Geography and Map Division</subfield>
            <subfield code="e">Washington, D.C. 20540-4650</subfield>
            <subfield code="n">dcu</subfield>
          </datafield>
          <datafield tag="856" ind1="4" ind2="1">
            <subfield code="d">g3922s</subfield>
            <subfield code="f">cw0120500</subfield>
            <subfield code="u">http://hdl.loc.gov/loc.gmd/g3922s.cw0120500</subfield>
            <subfield code="q">c</subfield>
          </datafield>
          <datafield tag="985" ind1=" " ind2=" ">
            <subfield code="a">GMD/CWMAP</subfield>
            <subfield code="e">ammem</subfield>
          </datafield>
          <datafield tag="985" ind1=" " ind2=" ">
            <subfield code="a">GMD/MILMAP</subfield>
            <subfield code="e">ammem</subfield>
            <subfield code="h">20000606</subfield>
          </datafield>
          <datafield tag="991" ind1=" " ind2=" ">
            <subfield code="b">c-G&amp;M</subfield>
            <subfield code="o">em</subfield>
          </datafield>
        </record>
      </zs:recordData>
      <zs:recordPosition>124</zs:recordPosition>
    </zs:record>